@ARTICLE{Jaque_2022,
AUTHOR={Rodríguez-Sevilla, Paloma and Marin, Riccardo and Ximendes, Erving and del Rosal, Blanca and Benayas, Antonio and Jaque, Daniel},   
TITLE={Luminescence Thermometry for Brain Activity Monitoring: A Perspective},      
JOURNAL={Frontiers in Chemistry},      
VOLUME={10},           
YEAR={2022},          
DOI={10.3389/fchem.2022.941861},      
ISSN={2296-2646},   
}

@article{Maturi_2021,
author = {Maturi, Fernando E. and Brites, Carlos D. S. and Ximendes, Erving C. and Mills, Carolyn and Olsen, Bradley and Jaque, Daniel and Ribeiro, Sidney J. L. and Carlos, Luís D.},
title = {Going Above and Beyond: A Tenfold Gain in the Performance of Luminescence Thermometers Joining Multiparametric Sensing and Multiple Regression},
journal = {Laser \& Photonics Reviews},
volume = {15},
number = {11},
pages = {2100301},
keywords = {green fluorescent proteins, luminescence nanothermometry, multiple linear regression, silver sulfide},
doi = {https://doi.org/10.1002/lpor.202100301},
year = {2021}
}


@article{Bradac_2020,
author = {Bradac, Carlo and Lim, Shuang Fang and Chang, Huan-Cheng and Aharonovich, Igor},
title = {Optical Nanoscale Thermometry: From Fundamental Mechanisms to Emerging Practical Applications},
journal = {Advanced Optical Materials},
volume = {8},
number = {15},
pages = {2000183},
keywords = {all-optical thermosensors, fluorescent nanoparticles, nanoscale thermometry},
doi = {https://doi.org/10.1002/adom.202000183},
url = {https://onlinelibrary.wiley.com/doi/abs/10.1002/adom.202000183},
eprint = {https://onlinelibrary.wiley.com/doi/pdf/10.1002/adom.202000183},
year = {2020}
}

@Article{Brites_2012,
author ="Brites, Carlos D. S. and Lima, Patricia P. and Silva, Nuno J. O. and Millán, Angel and Amaral, Vitor S. and Palacio, Fernando and Carlos, Luís D.",
title  ="Thermometry at the nanoscale",
journal  ="Nanoscale",
year  ="2012",
volume  ="4",
issue  ="16",
pages  ="4799-4829",
publisher  ="The Royal Society of Chemistry",
doi  ="10.1039/C2NR30663H",
url  ="http://dx.doi.org/10.1039/C2NR30663H",
}

@article{vanSwieten_2021,
author = {van Swieten, Thomas P. and van Omme, Tijn and van den Heuvel, Dave J. and Vonk, Sander J.W. and Spruit, Ronald G. and Meirer, Florian and Garza, H. Hugo Pérez and Weckhuysen, Bert M. and Meijerink, Andries and Rabouw, Freddy T. and Geitenbeek, Robin G.},
title = {Mapping Elevated Temperatures with a Micrometer Resolution Using the Luminescence of Chemically Stable Upconversion Nanoparticles},
journal = {ACS Applied Nano Materials},
volume = {4},
number = {4},
pages = {4208-4215},
year = {2021},
doi = {10.1021/acsanm.1c00657},
URL = {https://doi.org/10.1021/acsanm.1c00657},
eprint = {https://doi.org/10.1021/acsanm.1c00657}
}

@article{Martinez_2022,
title = {Hyperspectral Imaging Thermometry Assisted by Upconverting Nanoparticles: Experimental Artifacts and Accuracy},
journal = {Physica B: Condensed Matter},
volume = {629},
pages = {413639},
year = {2022},
issn = {0921-4526},
doi = {https://doi.org/10.1016/j.physb.2021.413639},
url = {https://www.sciencedirect.com/science/article/pii/S0921452621007857},
author = {Eduardo D. Martínez and Carlos D.S. Brites and Ricardo R. Urbano and Carlos Rettori and Luis D. Carlos},
keywords = {Optical thermometry, Hyperspectral microscopy, Luminescence, Upconversion, Silver nanowires},
}

@ARTICLE{Savchuk_2019,
AUTHOR={Savchuk, Oleksandr A. and Carvajal, Joan J. and Cesteros, Yolanda and Salagre, Pilar and Nguyen, Huu Dat and Rodenas, Airan and Massons, Jaume and Aguiló, Magdalena and Díaz, Franscesc},   
TITLE={Mapping Temperature Distribution Generated by Photothermal Conversion in Graphene Film Using Er,Yb:NaYF{$_4$} Nanoparticles Prepared by Microwave-Assisted Solvothermal Method},      
JOURNAL={Frontiers in Chemistry},      
VOLUME={7},           
YEAR={2019},      
URL={https://www.frontiersin.org/articles/10.3389/fchem.2019.00088},       
DOI={10.3389/fchem.2019.00088},      
ISSN={2296-2646},
}

@article{Aigouy_2005,
author = {Aigouy,Lionel  and Tessier,Gilles  and Mortier,Michel  and Charlot,Benoît },
title = {Scanning Thermal Imaging of Microelectronic Circuits with a Fluorescent Nanoprobe},
journal = {Applied Physics Letters},
volume = {87},
number = {18},
pages = {184105},
year = {2005},
doi = {10.1063/1.2123384},
URL = {https://doi.org/10.1063/1.2123384},
eprint = {https://doi.org/10.1063/1.2123384}
}

@article{Pinol_2020,
author = {Piñol, Rafael and Zeler, Justyna and Brites, Carlos D. S. and Gu, Yuanyu and Téllez, Pedro and Carneiro Neto, Albano N. and da Silva, Thiago E. and Moreno-Loshuertos, Raquel and Fernandez-Silva, Patrício and Gallego, Ana Isabel and Martinez-Lostao, Luis and Martínez, Abelardo and Carlos, Luís D. and Millán, Angel},
title = {Real-Time Intracellular Temperature Imaging Using Lanthanide-Bearing Polymeric Micelles},
journal = {Nano Letters},
volume = {20},
number = {9},
pages = {6466-6472},
year = {2020},
doi = {10.1021/acs.nanolett.0c02163},
URL = {https://doi.org/10.1021/acs.nanolett.0c02163},
eprint = {https://doi.org/10.1021/acs.nanolett.0c02163}
}

@Article{Baral_2018,
author ="Baral, Susil and Rafiei Miandashti, Ali and Richardson, Hugh H.",
title  ="Near-field Thermal Imaging of Optically Excited Gold Nanostructures: Scaling Principles for Collective Heating with Heat Dissipation Into the Surrounding Medium",
journal  ="Nanoscale",
year  ="2018",
volume  ="10",
issue  ="3",
pages  ="941-948",
publisher  ="The Royal Society of Chemistry",
doi  ="10.1039/C7NR08349A",
url  ="http://dx.doi.org/10.1039/C7NR08349A",
}

@article{Gong_2021,
author = {Gong, Zhiyong and Wu, Tianli and Chen, Xixi and Guo, Jinghui and Zhang, Yao and Li, Yuchao},
title = {Upconversion Nanoparticle Decorated Spider Silks as Single-Cell Thermometers},
journal = {Nano Letters},
volume = {21},
number = {3},
pages = {1469-1476},
year = {2021},
doi = {10.1021/acs.nanolett.0c04644},
URL = {https://doi.org/10.1021/acs.nanolett.0c04644},
eprint = {https://doi.org/10.1021/acs.nanolett.0c04644}
}

@article{Dong_2020,
title = {Upconversion Emission Studies of Single Particles},
journal = {Nano Today},
volume = {35},
pages = {100956},
year = {2020},
issn = {1748-0132},
doi = {https://doi.org/10.1016/j.nantod.2020.100956},
url = {https://www.sciencedirect.com/science/article/pii/S1748013220301250},
author = {Hao Dong and Ling-Dong Sun and Chun-Hua Yan},
keywords = {Lanthanide, Upconversion, Nanoparticle, Microparticle, Optical microscopy},
}

@book{Brik_2020,
title={Theoretical Spectroscopy of Transition Metal and Rare Earth Ions: From Free State to Crystal Field},
author={Brik, M. G. and Chong-Geng, M.},
publisher={Jenny Stanford Publishing},
doi={https://doi.org/10.1201/9780429278754},
isbn={9780429278754},
url={https://doi.org/10.1201/9780429278754},
year={2020},
}

@article{Zhu_2019,
author = {Zhu, Xiaohui and Zhang, Jing and Liu, Jinliang and Zhang, Yong},
title = {Recent Progress of Rare-Earth Doped Upconversion Nanoparticles: Synthesis, Optimization, and Applications},
journal = {Advanced Science},
volume = {6},
number = {22},
pages = {1901358},
keywords = {NIR light, optimization, rare earth, synthesis, upconversion},
doi = {https://doi.org/10.1002/advs.201901358},
url = {https://onlinelibrary.wiley.com/doi/abs/10.1002/advs.201901358},
eprint = {https://onlinelibrary.wiley.com/doi/pdf/10.1002/advs.201901358},
year = {2019}
}

@article{Menezes_2015,
author = {{Menezes, L. de S.} and C. B. de Araújo},
journal = {Journal of the Brazilian Chemical Society},
number = {12},
pages = {2405-2417},
publisher = {SBQ},
title = {Optically Detected Thermal Effects in Rare-Earth Doped Materials for Host Characterization, Thermometric Devices, Nanothermometry and Biothermometry},
volume = {26},
year = {2015}
}

@article{Ruhl_2021,
author = {Philipp Rühl and Dongni Wang and Frank Garwe and Robert Müller and Markus Haase and Karl W. Krämer and Wolfgang Paa and Rainer Heintzmann and Stefan H. Heinemann and Herbert Stafast},
doi = {10.1016/j.jlumin.2020.117860},
issn = {00222313},
issue = {December 2020},
journal = {Journal of Luminescence},
keywords = {Frequency upconversion, Lanthanide ions,Luminescence band interference,NIR laser excitation,Optical thermometry},
pages = {18-21},
title = {Notes on Thermometric Artefacts by {Er$^{3+}$} Luminescence Band Interference},
volume = {232},
year = {2021},
}

@article{Martins_2021,
author = {Martins, Joana Costa and Bastos, Ana R. N. and Ferreira, Rute A. S. and Wang, Xin and Chen, Guanying and Carlos, Luís D.},
title = {Primary Luminescent Nanothermometers for Temperature Measurements Reliability Assessment},
journal = {Advanced Photonics Research},
volume = {2},
number = {5},
pages = {2000169},
keywords = {lanthanide-based upconversion nanoparticles, luminescent nanothermometry, nanothermometry reliability, primary thermometers},
doi = {https://doi.org/10.1002/adpr.202000169},
url = {https://onlinelibrary.wiley.com/doi/abs/10.1002/adpr.202000169},
eprint = {https://onlinelibrary.wiley.com/doi/pdf/10.1002/adpr.202000169},
year = {2021}
}

@Article{Labrador_2018,
author ="Labrador-Páez, Lucía and Pedroni, Marco and Speghini, Adolfo and García-Solé, José and Haro-González, Patricia and Jaque, Daniel",
title  ="Reliability of Rare-earth-doped Infrared Luminescent Nanothermometers",
journal  ="Nanoscale",
year  ="2018",
volume  ="10",
issue  ="47",
pages  ="22319-22328",
publisher  ="The Royal Society of Chemistry",
doi  ="10.1039/C8NR07566B",
url  ="http://dx.doi.org/10.1039/C8NR07566B",
}

@article{Geitenbeek_2019,
title = {Chemically and Thermally Stable Lanthanide-doped {Y$_2$O$_3$} Nanoparticles for Remote Temperature Sensing in Catalytic Environments},
journal = {Chemical Engineering Science},
volume = {198},
pages = {235-240},
year = {2019},
issn = {0009-2509},
doi = {https://doi.org/10.1016/j.ces.2018.10.004},
url = {https://www.sciencedirect.com/science/article/pii/S0009250918307097},
author = {Robin G. Geitenbeek and Bastiaan B.V. Salzmann and Anne-Eva Nieuwelink and Andries Meijerink and Bert M. Weckhuysen},
keywords = {Reaction temperature, Operando spectroscopy, Reactor bed, Lanthanides, Luminescence thermometry},
}

@article{Goncalves_2021,
title = {Phonon-assisted NIR-to-visible upconversion in single {$\beta$}-NaYF{$_4$} microcrystals codoped with Er{$^{3+}$} and Yb{$^{3+}$} for microthermometry applications: Experiment and theory},
journal = {Journal of Luminescence},
volume = {231},
pages = {117801},
year = {2021},
issn = {0022-2313},
doi = {https://doi.org/10.1016/j.jlumin.2020.117801},
url = {https://www.sciencedirect.com/science/article/pii/S0022231320317683},
author = {I. M. Gonçalves and A. R. Pessoa and C. Hazra and Y. S. Correales and S. J. L. Ribeiro and {Menezes, L. de S.}},
keywords = {Lanthanide codoped systems, Single upconversion micro-crystals, Single-particle thermometry, Luminescent materials spectroscopy},
}

@Article{Galindo_2021,
author ="Galindo, Jefferson A. O. and Pessoa, Allison R. and Amaral, Anderson M. and {Menezes, L. de S.}",
title  ="Influence of the Surrounding Medium on the Luminescence-based Thermometric Properties of Single Yb{$^{3+}$}/Er{$^{3+}$} Codoped Yttria Nanocrystals",
journal  ="Nanoscale Advances",
year  ="2021",
volume  ="3",
issue  ="21",
pages  ="6231-6241",
publisher  ="RSC",
doi  ="10.1039/D1NA00466B",
url  ="http://dx.doi.org/10.1039/D1NA00466B",
}

@Article{Galindo_2021_corr,
author ="Galindo, Jefferson A. O. and Pessoa, Allison R. and Amaral, Anderson Monteiro and dos Santos, Luiz F. and Gonçalves, Rogéria R. and {Menezes, L. de S.}",
title  ="Correction: Influence of the Surrounding Medium on the Luminescence-based Thermometric Properties of Single Yb{$^{3+}$}/Er{$^{3+}$} Codoped Yttria Nanocrystals",
journal  ="Nanoscale Advances",
year  ="2021",
volume  ="3",
issue  ="24",
pages  ="7007-7007",
publisher  ="RSC",
doi  ="10.1039/D1NA90104D",
url  ="http://dx.doi.org/10.1039/D1NA90104D",
}


@article{Berry_2015,
author = {Berry, Mary T. and May, P. Stanley},
title = {Disputed Mechanism for NIR-to-Red Upconversion Luminescence in NaYF{$_4$}:Yb{$^{3+}$},Er{$^{3+}$}},
journal = {The Journal of Physical Chemistry A},
volume = {119},
number = {38},
pages = {9805-9811},
year = {2015},
doi = {10.1021/acs.jpca.5b08324},
URL = {https://doi.org/10.1021/acs.jpca.5b08324},
eprint = {https://doi.org/10.1021/acs.jpca.5b08324}
}

@article{Kisliuk_1964,
author = {Kisliuk,P.  and Krupke,W. F.  and Gruber,J. B. },
title = {Spectrum of Er{$^{3+}$} in Single Crystals of {Y$_2$O$_3$}},
journal = {The Journal of Chemical Physics},
volume = {40},
number = {12},
pages = {3606-3610},
year = {1964},
doi = {10.1063/1.1725060},
URL = {https://doi.org/10.1063/1.1725060},
eprint = {https://doi.org/10.1063/1.1725060}
}

@article{Dechao_2016,
author = {Yu, Dechao and Ballato, John and Riman, Richard E.},
title = {Temperature-Dependence of Multiphonon Relaxation of Rare-Earth Ions in Solid-State Hosts},
journal = {The Journal of Physical Chemistry C},
volume = {120},
number = {18},
pages = {9958-9964},
year = {2016},
doi = {10.1021/acs.jpcc.6b01466},
URL = {https://doi.org/10.1021/acs.jpcc.6b01466},
eprint = {https://doi.org/10.1021/acs.jpcc.6b01466}
}

@article{Suta_2020,
author = {Suta, Markus and Meijerink, Andries},
title = {A Theoretical Framework for Ratiometric Single Ion Luminescent Thermometers—Thermodynamic and Kinetic Guidelines for Optimized Performance},
journal = {Advanced Theory and Simulations},
volume = {3},
number = {12},
pages = {2000176},
keywords = {Boltzmann distribution, excited state dynamics, luminescence thermometry},
doi = {https://doi.org/10.1002/adts.202000176},
url = {https://onlinelibrary.wiley.com/doi/abs/10.1002/adts.202000176},
eprint = {https://onlinelibrary.wiley.com/doi/pdf/10.1002/adts.202000176},
year = {2020}
}

@article{Pessoa_2022,
author = {Pessoa, Allison R. and Galindo, Jefferson A. O. and Serge-Correales, York E. and Amaral, Anderson M. and Ribeiro, Sidney J. L. and {Menezes, L. de S.}},
title = {2D Thermal Maps Using Hyperspectral Scanning of Single Upconverting Microcrystals: Experimental Artifacts and Image Processing},
journal = {ACS Applied Materials \& Interfaces},
volume = {14},
number = {33},
pages = {38311-38319},
year = {2022},
doi = {10.1021/acsami.2c08709},
URL = {https://doi.org/10.1021/acsami.2c08709},
eprint = {https://doi.org/10.1021/acsami.2c08709}
}

@article{Galvao_2021,
author = {Galvão, Rodrigo and dos Santos, Luiz F. and de O. Lima, Karmel and Gonçalves, Rogéria R. and {Menezes, L. de S.}},
title = {Single Er{$^{3+}$}/Yb{$^{3+}$}-Codoped Yttria Nanocrystals for Temperature Sensing: Experimental Characterization and Theoretical Modeling},
journal = {The Journal of Physical Chemistry C},
volume = {125},
number = {27},
pages = {14807-14817},
year = {2021},
doi = {10.1021/acs.jpcc.1c03058},
URL = {https://doi.org/10.1021/acs.jpcc.1c03058},
eprint = {https://doi.org/10.1021/acs.jpcc.1c03058}
}

@article{Huang_2015,
author = {Huang, Feifei and Liu, Xueqiang and Ma, Yaoyao and Kang, Shuai and Hu, Lili and Chen, Danping},
title = {Origin of near to middle infrared luminescence and energy transfer process of Er{$^{3+}$}/Yb{$^{3+}$}co-doped fluorotellurite glasses under different excitations},
journal = {Scientific Reports},
volume = {5},
issue = {1},
pages = {8233},
year = {2015},
doi = {10.1038/srep08233},
URL = {https://doi.org/10.1038/srep08233},
eprint = {https://doi.org/10.1038/srep08233}
}

@article{Suta2_2020,
author = {Markus Suta and Željka Antić and Vesna Ðorđević and Sanja Kuzman and Miroslav D. Dramićanin and Andries Meijerink},
title = {Making Nd{$^{3+}$} a Sensitive Luminescent Thermometer for Physiological Temperatures — An Account of Pitfalls in Boltzmann Thermometry},
journal = {Nanomaterials},
volume = {10},
number = {3},
issue = {543},
url = {doi:10.3390/nano10030543},
year = {2020},
}

@article{Joseph_2018,
title = {A Method for Correcting the Excitation Power Density Dependence of Upconversion Emission Due to Laser-induced Heating},
journal = {Optical Materials},
volume = {82},
pages = {65-70},
year = {2018},
issn = {0925-3467},
doi = {https://doi.org/10.1016/j.optmat.2018.05.025},
url = {https://www.sciencedirect.com/science/article/pii/S0925346718302969},
author = {Reetu E. Joseph and Dmitry Busko and Damien Hudry and Guojun Gao and Daniel Biner and Karl Krämer and Andrey Turshatov and Bryce S. Richards and Ian A. Howard},
}

@article{Pollnau_2000,
author = {M. Pollnau and D. Gamelin and S. Lüthi and H. Güdel and M. Hehlen},
doi = {10.1103/PhysRevB.61.3337},
issn = {1550235X},
issue = {5},
journal = {Physical Review B - Condensed Matter and Materials Physics},
pages = {3337-3346},
title = {Power Dependence of Upconversion Luminescence in Lanthanide and Transition-metal-ion Systems},
volume = {61},
year = {2000},
}

@article{Balabhadra_2017,
author = {Balabhadra, Sangeetha and Debasu, Mengistie L. and Brites, Carlos D. S. and Ferreira, Rute A. S. and Carlos, Luís D.},
title = {Upconverting Nanoparticles Working As Primary Thermometers In Different Media},
journal = {The Journal of Physical Chemistry C},
volume = {121},
number = {25},
pages = {13962-13968},
year = {2017},
doi = {10.1021/acs.jpcc.7b04827},
URL = {https://doi.org/10.1021/acs.jpcc.7b04827},
eprint = {https://doi.org/10.1021/acs.jpcc.7b04827}
}

@article{Galindo_2022,
title = {Method for separating spectrally overlapping multiphoton upconverted emission bands through spectral power dependence analysis},
journal = {Journal of Luminescence},
volume = {257},
pages = {119685},
year = {2023},
issn = {0022-2313},
doi = {https://doi.org/10.1016/j.jlumin.2023.119685},
url = {https://www.sciencedirect.com/science/article/pii/S0022231323000182},
author = {Jefferson A.O. Galindo and Allison R. Pessoa and York E. Serge-Correales and Sidney J.L. Ribeiro and {Menezes, L. de S.} and Anderson M. Amaral},
}

@article{Camargo_2017,
title = {Continuous wave near-infrared phonon-assisted upconversion in single {Nd$^{3+}$}-doped yttria nanoparticles},
journal = {Journal of Luminescence},
volume = {192},
pages = {963-968},
year = {2017},
issn = {0022-2313},
doi = {https://doi.org/10.1016/j.jlumin.2017.08.031},
url = {https://www.sciencedirect.com/science/article/pii/S0022231317307901},
author = {K.C. Camargo and R.R. Pereira and L.F. {dos Santos} and S.R. {de Oliveira} and R.R. Gonçalves and {Menezes, L. de S.}},
}

@article{Galvao_2021_2,
author = {Galvão, Rodrigo and Santos, Luiz F. dos and Gonçalves, Rogéria R. and {Menezes, L. de S.}},
title = {Fluorescence Intensity Ratio-based temperature sensor with single 
{Nd$^{3+}$:Y$_2$O$_3$} nanoparticles: Experiment and theoretical modeling},
journal = {Nano Select},
volume = {2},
number = {2},
pages = {346-356},
keywords = {nanothermometry, neodymium, single nanoparticles, yttrium oxide},
doi = {https://doi.org/10.1002/nano.202000148},
year = {2021}
}

@article{dosSantos_2022,
title = {In vitro assays and nanothermometry studies of infrared-to-visible upconversion of nanocrystalline {Er$^{3+}$},{Yb$^{3+}$} co-doped {Y$_2$O$_3$} nanoparticles for theranostic applications},
journal = {Physica B: Condensed Matter},
volume = {624},
pages = {413447},
year = {2022},
issn = {0921-4526},
doi = {https://doi.org/10.1016/j.physb.2021.413447},
url = {https://www.sciencedirect.com/science/article/pii/S0921452621006104},
author = {L.F. {Dos Santos} and J.C. Martins and K.O. Lima and L.F.T. Gomes and M.T. {De Melo} and A.C. Tedesco and L.D. Carlos and R.A.S. Ferreira and R.R. Gonçalves},
}